<?xml version = "1.0" encoding = "UTF-8"?><OAI-PMH xmlns="http://www.openarchives.org/OAI/2.0/" xmlns:xsi="http://www.w3.org/2001/XMLSchema-instance" xsi:schemaLocation="http://www.openarchives.org/OAI/2.0/ http://www.openarchives.org/OAI/2.0/OAI-PMH.xsd"><ListRecords><record><header><identifier>aleph-publish:037448174</identifier></header><metadata><record xmlns="http://www.ddb.de/professionell/mabxml/mabxml-1.xsd"><leader>00000nM2.01200024------h</leader><controlfield tag="LDR">00000nM2.01200024------h</controlfield><controlfield tag="FMT">MH</controlfield><datafield tag="001" ind1="-" ind2="1"><subfield code="a">HT021257515</subfield></datafield><datafield tag="002" ind1="a" ind2="1"><subfield code="a">20220218</subfield></datafield><datafield tag="004" ind1="-" ind2="1"><subfield code="a">20200703</subfield></datafield><datafield tag="020" ind1="-" ind2="1"><subfield code="a">978-3-7091-7673-3</subfield><subfield code="b">Springer</subfield></datafield><datafield tag="026" ind1="-" ind2="1"><subfield code="a">HBZHT021257515</subfield></datafield><controlfield tag="030">a|1ur||||||37</controlfield><datafield tag="037" ind1="b" ind2="1"><subfield code="a">eng</subfield></datafield><controlfield tag="050">||||||||g|||||</controlfield><controlfield tag="051">s|||||||</controlfield><datafield tag="060" ind1="-" ind2="1"><subfield code="b">txt</subfield><subfield code="a">Text</subfield></datafield><datafield tag="061" ind1="-" ind2="1"><subfield code="b">c</subfield><subfield code="a">Computermedien</subfield></datafield><datafield tag="062" ind1="-" ind2="1"><subfield code="b">cr</subfield><subfield code="a">Online-Ressource</subfield></datafield><datafield tag="070" ind1="-" ind2="1"><subfield code="a">Springer</subfield></datafield><datafield tag="070" ind1="a" ind2="1"><subfield code="a">Springer</subfield></datafield><datafield tag="078" ind1="e" ind2="1"><subfield code="a">ZDB-2-PHA</subfield><subfield code="a">ZDB-2-SXP</subfield><subfield code="a">ZDB-2-BAE</subfield><subfield code="a">Lizenz1989</subfield></datafield><datafield tag="100" ind1="b" ind2="1"><subfield code="a">Thirring, Walter</subfield><subfield code="4">edt</subfield><subfield code="3">Herausgeber</subfield></datafield><datafield tag="104" ind1="b" ind2="1"><subfield code="a">Urban, Paul</subfield><subfield code="4">edt</subfield><subfield code="3">Herausgeber</subfield></datafield><datafield tag="331" ind1="-" ind2="1"><subfield code="a">The Schrödinger Equation</subfield></datafield><datafield tag="335" ind1="-" ind2="1"><subfield code="a">Proceedings of the International Symposium “50 Years Schrödinger Equation” in Vienna, 10th–12th June 1976</subfield></datafield><datafield tag="359" ind1="-" ind2="1"><subfield code="a">edited by Walter Thirring, Paul Urban</subfield></datafield><datafield tag="403" ind1="-" ind2="1"><subfield code="a">1st ed. 1977</subfield></datafield><datafield tag="419" ind1="-" ind2="1"><subfield code="a">Vienna</subfield><subfield code="b">Springer Vienna</subfield><subfield code="c">1977</subfield></datafield><datafield tag="419" ind1="-" ind2="1"><subfield code="b">Imprint: Springer</subfield></datafield><datafield tag="425" ind1="a" ind2="1"><subfield code="a">1977</subfield></datafield><datafield tag="433" ind1="-" ind2="1"><subfield code="a">1 Online-Ressource (X, 224 p)</subfield></datafield><datafield tag="443" ind1="-" ind2="1"><subfield code="a">text file</subfield><subfield code="b">PDF</subfield></datafield><datafield tag="451" ind1="-" ind2="1"><subfield code="a">Few-Body Systems, Supplementa ; 17/1977</subfield></datafield><datafield tag="540" ind1="a" ind2="1"><subfield code="a">978-3-7091-7673-3</subfield></datafield><datafield tag="552" ind1="a" ind2="1"><subfield code="a">10.1007/978-3-7091-7673-3</subfield></datafield><datafield tag="655" ind1="e" ind2="1"><subfield code="u">https://doi.org/10.1007/978-3-7091-7673-3</subfield><subfield code="x">Resolving-System</subfield></datafield><datafield tag="705" ind1="a" ind2="1"><subfield code="a">530.12</subfield><subfield code="e">23</subfield><subfield code="A">4</subfield></datafield><datafield tag="740" ind1="s" ind2="1"><subfield code="a">Quantum physics</subfield></datafield><datafield tag="776" ind1="-" ind2="1"><subfield code="i">Printed edition</subfield><subfield code="z">9783709176757</subfield></datafield><datafield tag="776" ind1="-" ind2="1"><subfield code="i">Printed edition</subfield><subfield code="z">9783211814376</subfield></datafield><datafield tag="776" ind1="-" ind2="1"><subfield code="i">Printed edition</subfield><subfield code="z">9783709176740</subfield></datafield><controlfield tag="SYS">037448174</controlfield><datafield tag="LOW" ind1="-" ind2="1"><subfield code="a">U0001</subfield></datafield><datafield tag="LAL" ind1="-" ind2="1"><subfield code="a">DUE</subfield><subfield code="b">X0001</subfield></datafield><datafield tag="088" ind1=" " ind2=" "><subfield code="a">61</subfield></datafield><datafield tag="088" ind1=" " ind2=" "><subfield code="a">290</subfield></datafield><datafield tag="EB1" ind1=" " ind2="9"><subfield code="a">eb1</subfield><subfield code="2">X0001</subfield></datafield><datafield tag="EB1" ind1=" " ind2="9"><subfield code="a">eb1</subfield><subfield code="2">U0001</subfield></datafield></record></metadata></record></ListRecords></OAI-PMH>